%================================================
% Theses
%================================================
@phdthesis{ Klingen_PhD,
author  = {Klingen, A},
title   = "{Structure-Based Theoretical Characterization of the Redox-Dependent Titration Behaviour of Cytochrome {\Textit Bc}$_1$}",
school  = {University of Bayreuth},
year    = {2006},
}

@phdthesis{ Essigke_PhD,
author  = {Essigke, T},
title   = "{A Continuum Electrostatic Approach for Calculating the Binding Energetics of Multiple Ligands}",
school  = {University of Bayreuth},
year    = {2008},
}

@phdthesis{ Thomas_PhD,
author  = {Ullmann, T},
title   = "{Monte Carlo Simulation Methods for Studying the Thermodynamics of Ligand Binding and Transfer Processes in Biomolecules}",
school  = {University of Bayreuth},
year    = {2012},
}


%================================================
% Methods
%================================================
@article{ Beroza1991,
author  = "P. Beroza and D. R. Fredkin and M. Y. Okamura and G. Feher",
title   = "{Protonation of Interacting Residues in a Protein by a Monte Carlo Method: Application to Lysozyme and the Photosynthetic Reaction Center.}",
journal = {Proc. Natl. Acad. Sci. U.S.A.},
year    = {1991},
volume  = "88",
pages   = "5804-5808",
}

@article{ Bashford1992,
author  = "Donald Bashford and Klaus Gerwert",
title   = "{Electrostatic Calculations of the p$K_{\rm a}$ Values of Ionizable Groups in Bacteriorhodopsin.}",
journal = {J. Mol. Biol.},
year    = {1992},
volume  = "224",
pages   = "473-486",
}

@Article{ MacKerell1998,
author  = "{MacKerell, A. D. et al.}",
title   = "{All-Atom Empirical Potential for Molecular Modeling and Dynamics Studies of Proteins}",
journal = {J. Phys. Chem. B},
year    = "1998",
volume  = "102",
pages   = "3586-3616",
}

@article{ Ullmann1999,
author  = {Ullmann, G M and Knapp, E W },
title   = "{Electrostatic Models for Computing Protonation and Redox Equilibria in Proteins}",
journal = {Eur. Biophys. J. },
year    = {1999},
volume  = {28},
pages   = {533-551},
}

@article{ Bombarda2006,
author  = {Klingen, AR and Bombarda, E and Ullmann, GM},
title   = "{Theoretical Investigation of the Behavior of Titratable Groups in Proteins}",
year    = {2006},
volume  = {5},
pages   = {588-596},
journal = {Photochem. Photobiol. Sci.},
}

@article{ Ullmann2008,
author  = {Ullmann, G. Matthias and Kloppmann, Edda and Essigke, Timm and Krammer, Eva-Maria and Klingen, Astrid R. and Becker, Torsten and Bombarda, Elisa},
title   = "{Investigating the Mechanisms of Photosynthetic Proteins Using Continuum Electrostatics}",
journal = {Photosynth. Res.},
year    = {2008},
volume  = {97},
pages   = {33-53},
}

@article{ Bombarda2010,
author  = {Bombarda, E and Ullmann, G M},
title   = "{pH-dependent p$K_{\rm a}$ Values in Proteins -- A Theoretical Analysis of Protonation Energies with Practical Consequences for Enzymatic Reactions}",
journal = {J. Phys. Chem. B},
year    = {2010},
volume  = {114},
pages   = {1994-2003},
}

@article{ Ullmann2013,
author  = {Ullmann, G. Matthias and Bombarda, Elisa},
title   = "{p$K_{\rm a}$ Values and Redox Potentials of Proteins. What Do They Mean?}",
year    = {2013},
volume  = {394},
pages   = {611-619},
journal = {Biol. Chem.},
}


%================================================
% Software
%================================================
@article{ pDynamo_Field2008,
author  = {Field, Martin J.},
title   = "{The pDynamo Program for Molecular Simulations Using Hybrid Quantum Chemical and Molecular Mechanical Potentials}",
year    = {2008},
volume  = {4},
pages   = {1151-1161},
journal = {J. Chem. Theory Comput.},
}

@article{ CHARMM_Brooks1983,
author  = "B. R. Brooks and R. E. Bruccoleri and B. D. Olafson and D. J. States and S. Swaminathan and M. Karplus",
title   = "{CHARMM: A Program for Macromolecular Energy, Minimization and Dynamics Calculations}",
journal = "J. Comput. Chem.",
year    = "1983",
volume  = "4",
pages   = "187-217",
}

@article{ VMD1996,
author  = {Humphrey, W and Dalke, A and Schulten, K},
title   = "{VMD: Visual Molecular Dynamics}",
year    = {1996},
volume  = {14},
pages   = {33-38},
journal = {J. Mol. Graph.},
}

@inbook{ Bashford1997,
author  = {Donald Bashford},
title   = "{An Object-Oriented Programming Suite for Electrostatic Effects in Biological Molecules.}",
year    = {1997},
pages   = {233-240},
}

@article{ Ullmann2012,
author  = {Ullmann, R T and Ullmann, G M},
title   = "{GMCT: A Monte Carlo Simulation Package for Macromolecular Receptors}",
journal = {J. Comput. Chem.},
year    = {2012},
volume  = {33},
pages   = {887-900},
}
